%% This BibTeX bibliography file was created using BibDesk.
%% http://bibdesk.sourceforge.net/


%% Created for Nira Pumahualca at 2009-09-27 19:14:04 +0200 


%% Saved with string encoding Unicode (UTF-8) 
	
@misc{thumb_instructions,
	Title = {Thumb \textregistered 16-bit Instruction Set Quick Reference Card}}
